<record><leader>00000cas a22000007a 4500</leader><controlfield tag="001">20257831</controlfield><controlfield tag="008">890825c19619999mouwr ne      0    0eng d</controlfield><datafield ind1=" " ind2=" " tag="010"><subfield code="a">sn 89066761 </subfield></datafield><datafield ind1=" " ind2=" " tag="040"><subfield code="a">MQN</subfield><subfield code="b">eng</subfield><subfield code="c">MQN</subfield><subfield code="d">OCLCQ</subfield></datafield><datafield ind1=" " ind2=" " tag="042"><subfield code="a">msc</subfield></datafield><datafield ind1="0" ind2="4" tag="245"><subfield code="a">The Webb City sentinel.</subfield></datafield><datafield ind1=" " ind2=" " tag="260"><subfield code="a">Webb City, Mo. :</subfield><subfield code="b">John W. Potter</subfield></datafield><datafield ind1=" " ind2=" " tag="300"><subfield code="a">v.</subfield></datafield><datafield ind1=" " ind2=" " tag="310"><subfield code="a">Weekly,</subfield><subfield code="b">Nov. 17, 1961-</subfield></datafield><datafield ind1=" " ind2=" " tag="321"><subfield code="a">Semiweekly,</subfield><subfield code="b">&lt;Mar. 8&gt;-Nov. 10, 1961</subfield></datafield><datafield ind1="1" ind2=" " tag="362"><subfield code="a">Began Mar. 3, 1961.</subfield></datafield><datafield ind1=" " ind2=" " tag="588"><subfield code="a">Description based on: Vol. 83, no. 43 (Mar. 8, 1961).</subfield></datafield><datafield ind1=" " ind2=" " tag="752"><subfield code="a">United States</subfield><subfield code="b">Missouri</subfield><subfield code="c">Jasper</subfield><subfield code="d">Webb City.</subfield></datafield><datafield ind1="0" ind2="0" tag="780"><subfield code="t">Webb City daily sentinel</subfield><subfield code="w">(DLC)sn 86063991</subfield></datafield></record>